<record><leader>00000cas a22000007a 4500</leader><controlfield tag="001">9678511</controlfield><controlfield tag="008">830708c19uu9999fludn ne      0   a0eng d</controlfield><datafield ind1=" " ind2=" " tag="010"><subfield code="a">sn 83007934 </subfield></datafield><datafield ind1=" " ind2=" " tag="040"><subfield code="a">NSD</subfield><subfield code="b">eng</subfield><subfield code="c">NSD</subfield><subfield code="d">FUG</subfield><subfield code="d">OCL</subfield><subfield code="d">OCLCQ</subfield></datafield><datafield ind1=" " ind2=" " tag="012"><subfield code="j">1</subfield><subfield code="k">1</subfield><subfield code="m">y</subfield></datafield><datafield ind1="1" ind2=" " tag="022"><subfield code="a">1060-782X</subfield><subfield code="l">1060-782X</subfield><subfield code="z">0746-0147</subfield><subfield code="2">1</subfield></datafield><datafield ind1=" " ind2=" " tag="032"><subfield code="a">699310</subfield><subfield code="b">USPS</subfield></datafield><datafield ind1=" " ind2=" " tag="037"><subfield code="b">Florida Publications, 6796 S.W. 62nd Ave., South Miami, FL 33143</subfield><subfield code="c">$60.00</subfield></datafield><datafield ind1=" " ind2=" " tag="042"><subfield code="a">nsdp</subfield><subfield code="a">msc</subfield></datafield><datafield ind1=" " ind2="0" tag="222"><subfield code="a">Community newspaper</subfield></datafield><datafield ind1="0" ind2="0" tag="245"><subfield code="a">Community newspaper :</subfield><subfield code="b">CN.</subfield></datafield><datafield ind1="3" ind2="0" tag="246"><subfield code="a">CN</subfield></datafield><datafield ind1="1" ind2="3" tag="246"><subfield code="a">Your hometown newspaper</subfield></datafield><datafield ind1="1" ind2="3" tag="246"><subfield code="a">Miami's community newspaper</subfield></datafield><datafield ind1="1" ind2="3" tag="246"><subfield code="a">Miller's Publishing community newspapers</subfield></datafield><datafield ind1=" " ind2=" " tag="260"><subfield code="a">South Miami, Fla. :</subfield><subfield code="b">Your Hometown Newspaper :</subfield><subfield code="b">Miami's Community Newspaper</subfield></datafield><datafield ind1=" " ind2=" " tag="300"><subfield code="a">v.</subfield></datafield><datafield ind1=" " ind2=" " tag="310"><subfield code="a">Weekly</subfield></datafield><datafield ind1=" " ind2=" " tag="500"><subfield code="a">Title varies slightly.</subfield></datafield><datafield ind1=" " ind2=" " tag="588"><subfield code="a">Description based on: Vol. 12, no. 33 (Sept. 1, 1995).</subfield></datafield><datafield ind1=" " ind2=" " tag="752"><subfield code="a">United States</subfield><subfield code="b">Florida</subfield><subfield code="c">Dade</subfield><subfield code="d">South Miami.</subfield></datafield><datafield ind1="4" ind2=" " tag="856"><subfield code="u">http://www.communitynewspapers.com/</subfield></datafield><datafield ind1="1" ind2=" " tag="029"><subfield code="a">AU@</subfield><subfield code="b">000027390471</subfield></datafield></record>